<?xml version="1.0" encoding="UTF-8"?><collection xmlns="http://www.loc.gov/MARC21/slim"><record><leader>00607nam--2200193-u-4500</leader><controlfield tag="001">000056839</controlfield><controlfield tag="002">20191113</controlfield><controlfield tag="005">20191113044516</controlfield><controlfield tag="008">191113s1000------------r-----000-0-rum-d</controlfield><datafield ind1=" " ind2=" " tag="040"><subfield code="a">IFIN-HH</subfield></datafield><datafield ind1=" " ind2=" " tag="041"><subfield code="a">rum</subfield></datafield><datafield ind1="1" ind2=" " tag="100"><subfield code="a">Jalba, Liviu</subfield></datafield><datafield ind1="1" ind2="0" tag="245"><subfield code="a">Fizica pentru nepoti. Vol. 2. Fenomene electrice si magnetice. Fenomene optice. Fenomene ondulatorii</subfield><subfield code="c">Liviu Jalba, Dumitru Stanomir, Octavian Stanasila</subfield></datafield><datafield ind1=" " ind2=" " tag="260"><subfield code="a">Bucuresti</subfield><subfield code="b">Fundatia Floarea Darurilor</subfield><subfield code="c">2015</subfield></datafield><datafield ind1=" " ind2=" " tag="300"><subfield code="a">274 p</subfield></datafield><datafield ind1=" " ind2=" " tag="500"><subfield code="a">Donatie Liviu Jalba</subfield></datafield><datafield ind1="1" ind2=" " tag="700"><subfield code="a">Stanasila,Octavian</subfield></datafield><datafield ind1=" " ind2=" " tag="852"><subfield code="a">82756</subfield><subfield code="c">53</subfield></datafield><datafield ind1=" " ind2=" " tag="CAT"><subfield code="a">SYS</subfield><subfield code="c">20191113</subfield><subfield code="h">044516</subfield></datafield></record></collection>